@ARTICLE{sofie,
author={Pollin, S. and Adams, B. and Bahai, A.},
journal={Communications, 2008. ICC '08. IEEE International Conference on}, title={Spatial Reuse for Practical Scenarios: Iterative Power Adjustment from Distributed Contour Estimation and Propagation},
year={2008},
month={may.},
volume={},
number={},
pages={2655 -2661},
keywords={channel modeling;distributed contour estimation;iterative power adjustment;power control;propagation contour;spatial reuse;wireless access technology;wireless networks;wireless transmitters;channel estimation;electromagnetic wave propagation;iterative methods;radio networks;},
doi={10.1109/ICC.2008.502},
ISSN={},}

% Oorsprong van het distance to contour flooding algoritme
@ARTICLE{dtc,
author={Fan Ye and Chen, A. and Songwu Lu and Lixia Zhang},
journal={Computer Communications and Networks, 2001. Proceedings. Tenth International Conference on}, title={A scalable solution to minimum cost forwarding in large sensor networks},
year={2001},
month={},
volume={},
number={},
pages={304 -309},
keywords={backoff-based cost field;dynamic cost states;large sensor networks;minimum cost forwarding;minimum-cost path;optimal costs;protocols;wireless sensor networks;distributed sensors;minimisation;packet radio networks;protocols;telecommunication network routing;},
doi={10.1109/ICCCN.2001.956276},
ISSN={},}

@ARTICLE{dtc2,
author={In Hur and Trong Duc Le and Hyunseung Choo},
journal={Advanced Communication Technology, 2009. ICACT 2009. 11th International Conference on}, title={Efficient flooding scheme based on regular polygonal tiling in wireless ad hoc networks},
year={2009},
month={feb.},
volume={01},
number={},
pages={810 -814},
keywords={flooding scheme;regular polygonal tiling scheme;wireless ad hoc network;ad hoc networks;},
doi={},
ISSN={1738-9445},}

@INBOOK{bookPathlossModel,
  author = {Theodore Rappaport},
  title =	 {Wireless communications: Principles and practice},
  chapter = {3},
  pages =  {69--138},
  publisher =	 {Prentice Hall},
  edition =	 {2nd},
  year =	 {2002}
}

%%%%%%%%%%%%%%%%%%%%%%%%%%%
% Referenties voor de inleiding
%%%%%%%%%%%%%%%%%%%%%%%%%%%%%%%%%%

@ARTICLE{sensing1, 
author={Ghasemi, A. and Sousa, E.S.}, 
journal={Communications Magazine, IEEE}, title={Spectrum sensing in cognitive radio networks: requirements, challenges and design trade-offs}, 
year={2008}, 
month=april , 
volume={46}, 
number={4}, 
pages={32 -39}, 
keywords={cognitive radio networks;design trade-offs;opportunistic unlicensed access;spectrum sensing;cognitive radio;}, 
doi={10.1109/MCOM.2008.4481338}, 
ISSN={0163-6804},}

@ARTICLE{sensing2, 
author={Yucek, T. and Arslan, H.}, 
journal={Communications Surveys Tutorials, IEEE}, title={A survey of spectrum sensing algorithms for cognitive radio applications}, 
year={2009}, 
month=quarter , 
volume={11}, 
number={1}, 
pages={116 -130}, 
keywords={cognitive radio applications;multidimensional spectrum sensing concept;network traffic;network utilization;opportunistic spectrum access concepts;primary user behavior;statistical modeling;cognitive radio;radio access networks;sensors;spread spectrum communication;telecommunication traffic;}, 
doi={10.1109/SURV.2009.090109}, 
ISSN={1553-877X},}

@INPROCEEDINGS{geoLocDyspan, 
author={Gurney, D. and Buchwald, G. and Ecklund, L. and Kuffner, S.L. and Grosspietsch, J.}, 
booktitle={New Frontiers in Dynamic Spectrum Access Networks, 2008. DySPAN 2008. 3rd IEEE Symposium on}, title={Geo-Location Database Techniques for Incumbent Protection in the TV White Space}, 
year={2008}, 
month=oct., 
volume={}, 
number={}, 
pages={1 -9}, 
keywords={TV white space device;geo-location database technique;incumbent system protection;licensed broadcast television;licensed television transmitter;potential interference analysis;secondary spectrum utilization;television band;television broadcasting;television interference;television transmitters;}, 
doi={10.1109/DYSPAN.2008.31}, 
ISSN={},}

% beaconing
@INPROCEEDINGS{beacon, 
author={Buchwald, G.J. and Kuffner, S.L. and Ecklund, L.M. and Brown, M. and Callaway, E.H.}, 
booktitle={New Frontiers in Dynamic Spectrum Access Networks, 2008. DySPAN 2008. 3rd IEEE Symposium on}, title={The Design and Operation of the IEEE 802.22.1 Disabling Beacon for the Protection of TV Whitespace Incumbents}, 
year={2008}, 
month=oct., 
volume={}, 
number={}, 
pages={1 -6}, 
keywords={IEEE 802.22.1;RF transmissions;television signals;television whitespace;transmitters;wireless microphones;radio spectrum management;television broadcasting;video signals;}, 
doi={10.1109/DYSPAN.2008.55}, 
ISSN={},}


%%%%%%%%%%%%%%%%%%%%%%%%%%%%%%%%%
% Referenties flooding
%%%%%%%%%%%%%%%%%%%%%%%%%%%%%%%%%

@ARTICLE{1hopflooding, 
author={Hai Liu and Xiaohua Jia and Peng-Jun Wan and Xinxin Liu and Yao, F.F.}, 
journal={Parallel and Distributed Systems, IEEE Transactions on}, title={A Distributed and Efficient Flooding Scheme Using 1-Hop Information in Mobile Ad Hoc Networks}, 
year={2007}, 
month=may , 
volume={18}, 
number={5}, 
pages={658 -671}, 
keywords={1-hop neighbor information;MANET;distributed flooding algorithm;message redundancy;mobile ad hoc networks;resource contention;signal collision;time complexity;ad hoc networks;computational complexity;distributed algorithms;mobile radio;telecommunication congestion control;telecommunication signalling;}, 
doi={10.1109/TPDS.2007.1023}, 
ISSN={1045-9219},}

@INPROCEEDINGS{2hop, 
author={Qayyum, A. and Viennot, L. and Laouiti, A.}, 
booktitle={System Sciences, 2002. HICSS. Proceedings of the 35th Annual Hawaii International Conference on}, title={Multipoint relaying for flooding broadcast messages in mobile wireless networks}, 
year={2002}, 
month=jan., 
volume={}, 
number={}, 
pages={ 3866 - 3875}, 
keywords={ MPRs; NP-complete; broadcast message flooding; complexity; heuristic; mobile wireless networks; multipoint relay set; multipoint relaying; multipoint relays; redundant re-transmissions; mobile communication; packet radio networks; radio broadcasting; relays;}, 
doi={10.1109/HICSS.2002.994521}, 
ISSN={},}

@INPROCEEDINGS{storm, 
author={Yu-Chee Tseng and Sze-Yao Ni and En-Yu Shih}, 
booktitle={Distributed Computing Systems, 2001. 21st International Conference on.}, title={Adaptive approaches to relieving broadcast storms in a wireless multihop mobile ad hoc network}, 
year={2001}, 
month=apr, 
volume={}, 
number={}, 
pages={481 -488}, 
keywords={adaptive schemes;broadcast storms;local connectivity information;network collision;network contention;network flooding;redundancy;threshold-based schemes;wireless multihop mobile ad hoc network;mobile communication;redundancy;telecommunication network routing;}, 
doi={10.1109/ICDSC.2001.918978}, 
ISSN={},}


%%%%%%%%%%%% The ECC report!

@TechReport{ecc,
  author =       {},
  title =        {Technical and operational requirements for the possible operation of cognitive radio systems in the 'white spaces' of the frequency band 470-790 MHz},
    year =         {2010},
  type =         {CEPT ECC Report 159, draft},
  number =       {SE43(10)126-Annex 3},
  note =         {See
                  http://www.cept.org/764D6AAF-6354-49CD-B981-FA4B46AF493E.W5Doc}

}







