\begin{table}
\centering
\caption{Performance of the algorithm for the examples of Fig.~\ref{fig:powercontrol}.
% the number
%of updates and the percentage of nodes misclassified for each contour propagation.
%Note that the number of updates to propagate the contour 
%is very close to $N$.
}
\vspace{-3mm}
\begin{tabular}{cccc}
\hline
          &                                 & number of & percentage \\
          &                                 & updates & misclassified \\\hline
   & primary sender                  & 724 & 0.28 \\
 example 1& secondary sender & 721 & 0.14 \\
 (710 nodes)           & secondary sender update 1       & 722 & 0.98 \\
            & secondary sender update 2       & 714 & 1.12 \\ \hline
   & primary sender                  & 732 & 0.83 \\
 example 2& secondary sender & 730 & 0.14 \\
 (723 nodes)           & secondary sender update 1       & 732 & 1.24 \\
            & secondary sender update 2       & 732 & 2.21 \\ \hline
   & primary sender                  & 721 & 0.70 \\
 example 3& secondary sender & 723 & 0 \\
 (712 nodes)           & secondary sender update 1       & 722 & 0.14 \\
            & secondary sender update 2       & 719 & 0.98 \\ \hline

\end{tabular}
\label{tab:examples}\vspace{-5mm}
\end{table}
